
@online{hardzone,
    author = "Hardzone.es",
    title = "Â¿Que influye mas en la memoria Ram, la frecuencia o la latencia?",
    url = "https://hardzone.es/reportajes/comparativas/latencia-velocidad-ram-jugar/",
    addendum = "(accessed: 06.09.2020)",
    keywords = "RAM,Hardzone"
}
@online{TecnologiaInformatica,
    author = "Tecnologia+informatica",
    title = "Tipos de memoria de una computadora",
    url = "https://www.tecnologia-informatica.com/tipos-memorias-computadora/#:~:text=No%20obstante%2C%20una%20computadora%20trabaja,memoria%20Virtual%20o%20de%20Swap",
    addendum = "(accessed: 07.09.2020)",
    keywords = "Memoria,Informatica",

}
@inbook{Referencia,
    author = "Augusto Salazar Jimenez",
    title = "Taller de las nociones de memoria del computador",
    publisher = "",
    year = "2020",
    chapter = "",
    keywords ="",
}